@misc{praat,
	Author = {Paul Boersma and David Weenink},
	Edition = {5.4.21},
	Lastchecked = {April, 2016},
	Title = {Praat: doing phonetics by computer},
	Url = {http://www.fon.hum.uva.nl/praat},
    howpublished = {[Computer program]},
	Year = {2016}
}

@phdthesis{pierrethesis,
  author = {Pierrehumbert, Janet},
  biburl = {http://www.bibsonomy.org/bibtex/2719655f2feba97e1d72d42f6a5136151/nlp},
  school = {MIT},
  title = {{The Phonology and Phonetics of English Intonation}},
  address = {Cambridge, MA},
  year = 1980
}

@book{gussenhoven2004,
  biburl = {http://www.bibsonomy.org/bibtex/265d2172522c7ab68ea77eb08f0cc29e6/edna_foobar},
  author = {Gussenhoven, Carlos},
  isbn={9780521012003},
  lccn={2003065202},
  series={Research Surveys in Linguistics},
  publisher = {Cambridge University Press},
  timestamp = {2008-07-28T01:09:03.000+0200},
  title = {{The Phonology of Tone and Intonation}},
  address={Cambridge},
  year = 2004
}

@book{cruttenden1997intonation,
  title={Intonation},
  author={Cruttenden, Alan},
  edition = {2},
  isbn={9780521598255},
  lccn={lc96049140},
  series={Cambridge Textbooks in Linguistics},
  googurl={https://books.google.ie/books?id=wfXRzq74X2YC},
  year={1997},
  address={Cambridge},
  publisher={Cambridge University Press}
}

@book{tench1996intonation,
  title={{The Intonation Systems of English}},
  author={Tench, Paul},
  isbn={9780304336906},
  lccn={95052675},
  series={Cassell Texts in Linguistics Series},
  googurl={https://books.google.ie/books?id=pIcdAQAAIAAJ},
  year={1996},
  publisher={Cassell Academic},
  address={London}
}

@article{xu2005phonetic,
  title={{Phonetic realization of focus in English declarative intonation}},
  author={Xu, Yi and Xu, Ching X.},
  journal={Journal of Phonetics},
  volume={33},
  number={2},
  pages={159--197},
  year={2005},
  publisher={Elsevier},
  doi={10.1016/j.wocn.2004.11.001},
  blahpuburl={http://www.sciencedirect.com/science/article/pii/S0095447005000021}
}

@book{ladd1996intonational,
  title={Intonational Phonology},
  author={Ladd, D. Robert},
  isbn={9780521475754},
  lccn={lc95052326},
  series={Cambridge Studies in Linguistics},
  googurl={https://books.google.ie/books?id=ys\_jtGM5WjYC},
  year={1996},
  address={Cambridge},
  publisher={Cambridge University Press}
}

@book{ladd2008intonational,
  title={{Intonational Phonology}},
  edition = {2},
  author={Ladd, D. Robert},
  series={Cambridge Studies in Linguistics},
  blahvolume = {119},
  year={2008},
  address={Cambridge},
  publisher={Cambridge University Press}
}

@misc{grabe2001ivie,
	Author = {Grabe, E.},
	Lastchecked = {April, 2016},
	Title = {{The IViE Labelling Guide Version 3}},
	Url = {http://www.phon.ox.ac.uk/files/apps/IViE/guide.html},
	howpublished = {[Online]},
	Year = {2001}
}

@incollection{nolan2014intonation,
  title={Intonation},
  author={Nolan, Francis},
  booktitle={{The Handbook of English Linguistics}},
  editor={Aarts, B. and McMahon, A.},
  isbn={9781405178402},
  series={Blackwell Handbooks in Linguistics},
  googurl={https://books.google.ie/books?id=xm0isUzM\_iIC},
  year={2006},
  address={Oxford},
  publisher={Wiley-Blackwell},
  pages={433--457},
  doi = {10.1002/9780470753002.ch19}
}

@book{giegerich1992english,
  title={English Phonology: An Introduction},
  author={Giegerich, H.J.},
  isbn={9780521336031},
  lccn={92002744},
  series={Cambridge Textbooks in Linguistics},
  svolume={1},
  googurl={https://books.google.ie/books?id=ALJKvQWP8FAC},
  year={1992},
  publisher={Cambridge University Press},
  address={Cambridge}
}

@incollection{sustarsic2011speecharchive,
  booktitle={{The Global and Local Dimensions of English: Exploring Issues of Language and Culture}},
  title = {{Application of Speech Archive Analysis to English Pronunciation Teaching}},
  author={Ratislav \v{S}u\v{s}tar\v{s}i\'{c}},
  isbn={9783643900739},
  lccn={2012532396},
  series={Linguistik und Sprachvermittlung},
  editor = {Marija Brala Vukanovi\'{c} and Irena Vodopija Krstanovi\'{c}},  
  googurl={https://books.google.ie/books?id=5tW0HsnzIbsC},
  pages = {59--66},
  year={2011},
  publisher={Lit Verlag},
  address={Berlin}
}

@misc{wiki:prosodicunit,
   author = "Wikipedia",
   title = {{Prosodic unit --- Wikipedia{,} The Free Encyclopedia}},
   year = "2016",
   url = {https://en.wikipedia.org/w/index.php?title=Prosodic_unit&oldid=714622565},
   note = "[Online; accessed 30-April-2016]"
 }

@book{catford2001practical,
  title={{A Practical Introduction to Phonetics}},
  author={Catford, John Cunnison},
  isbn={9780199246359},
  lccn={88012546},
  series={Oxford Textbooks in Linguistics},
  googurl={https://books.google.ie/books?id=S\_16QgAACAAJ},
  year={2001},
  edition = {2},
  publisher={Oxford University Press},
  address = {Oxford}
}

@article{LIN:2762680,
author = {Halliday,M. A. K.},
title = {{Notes on transitivity and theme in English: Part 2}},
journal = {Journal of Linguistics},
fuckeditor = {Unknown},
issue = {02},
volume = {3},
year = {1967},
issn = {1469--7742},
pages = {199--244},
fucknumpages = {46},
doi = {10.1017/S0022226700016613},
fURL = {http://journals.cambridge.org/article_S0022226700016613},
  publisher={Cambridge University Press},
  address={Cambridge},
fuckmonth = {10},
}

@incollection{zwicky1994clitic,
  title={What is a clitic?},
  author={Zwicky, Arnold M.},
  booktitle = {{Clitics: A comprehensive bibliography 1892--1991}},
  editor = {Joel A. Nevis, Brian D. Joseph, Dieter Wanner and Arnold M. Zwicky},
  pages = {xii-xx},
  year={1994},
  series = {Library and Information Sources in Linguistics},
  svolume = {22},
  publisher={John Benjamins Publishing Company},
  address = {Amsterdam},
  issn = {0165-7267},
  doi = {10.1075/lisl.22}
}

@inproceedings{silverman1992tobi,
  title={{TOBI: a standard for labeling English prosody.}},
  author={Silverman, Kim EA and Beckman, Mary E and Pitrelli, John F and Ostendorf, Mari and Wightman, Colin W and Price, Patti and Pierrehumbert, Janet B and Hirschberg, Julia},
  booktitle={{2nd International Conference on Spoken Language Processing (ICSLP 92)}},
  volume={2},
  pages={867--870},
  month={10},
  year={1992},
  address={Alberta, Canada},
}

@phdthesis{mariathesis,
  author = {O'Reilly, M.},
  school = {Trinity College, Dublin},
  title = {{Sentence mode, alignment and focus in the intonation of Cois Fharraige, Init M\'or and Gaoth Dobhair Irish -- A dual approach}},
  address = {Dublin},
  year = 2014
}


